%! Author = adam
%! Date = 18.04.21

@article{effective_charge,
    author = "S.K. Rathgeber",
    title = "Estimation of profilesof the effective ion  charge at ASDEX Upgrade with Integrated Data Analysis",
    journal = "Plasma Physics and Controlled Fusion",
    volume = "52",
    number = "9",
    year = "2010",
}

@article{triangularity,
    author = "T C Luce",
    title = "An analytic functional form for characterization and generation of axisymmetric plasma boundaries",
    journal = "Plasma Physics and Controlled Fusion",
    volume = "55",
    number = "9",
    year = "2013",
}

@article{D3_studies,
    author = "M. E. Austin et. al. ",
    title = "Achievement of Reactor-Relevant Performance in Negative Triangularity Shape in the DIII-D Tokamak",
    journal = "Physical Review Letters",
    volume = "122",
    year = "2019",
}

@article{MHD_limits,
    author = "F. Troyon and R. Gruber and H. Saurenmann and S. Semenzato and S Succi",
    title = "MHD Limits to Plasma Confinement",
    journal = "Plasma Physics and Controlled Fusion",
    volume = "26",
    number = {1A},
    year = {1984},
}
@article{ELM_s,
    author = "H. Zohm",
    title = "Edge localized modes (ELMs)",
    journal = "Plasma Physics and Controlled Fusion",
    volume = "38",
    number = "2",
    year = "1996",
}
@thesis{power_thesis,
    author = "Salmi, Antti",
    title = "Fast ions and momentum transport in JET tokamak plasmas",
    type = "P.hD",
    institution = "Aalto University School of Science",
    date = "09.11.12",
}

@article{Frassinetti_2020,
	doi = {10.1088/1741-4326/abb79e},
	url = {https://doi.org/10.1088/1741-4326/abb79e},
	year = 2020,
	month = {nov},
	publisher = {{IOP} Publishing},
	volume = {61},
	number = {1},
	pages = {016001},
	author = {L. Frassinetti and S. Saarelma and G. Verdoolaege and M. Groth and J.C. Hillesheim and P. Bilkova and P. Bohm and M. Dunne and R. Fridstr√∂m and E. Giovannozzi and F. Imbeaux and B. Labit and E. de la Luna and C. Maggi and M. Owsiak and R. Scannell},
	title = {Pedestal structure, stability and scalings in JET-ILW: the ERUOfusion JET-ILW pedestal database},
	journal = {Nuclear Fusion},
}

@book{Gender_Power,
    author = "R.W. Connell",
    title = "Gender and Power",
    date = 1980,
}

@book{Elements_Statistical_Learning,
    author = "T. Hastie and R. Tibishirani and J. Friedman",
    title = "Elements of Statistical Learning Ed. 2",
    year = "2009",
    pages = "592",
    publisher = "Springer",
}
@article{Selection_Bias,
    author = { David M. Allen },
    title = {The Relationship Between Variable Selection and Data Agumentation and a Method for Prediction},
    journal = {Technometrics},
    volume = {16},
    number = {1},
    pages = {125-127},
    year  = {1974},
    publisher = {Taylor & Francis},
    doi = {10.1080/00401706.1974.10489157},
    URL = {https://www.tandfonline.com/doi/abs/10.1080/00401706.1974.10489157},
    eprint = {https://www.tandfonline.com/doi/pdf/10.1080/00401706.1974.10489157}
}

@article{RandomForests,
    author = {Leo Breiman},
    title = {Random Forests},
    journal = {Machine Learnig},
    volume = {45},
    year = {2001},
    pages = {5-32},
}


@InProceedings{pmlr-v89-paananen19a,
    title = 	 {Variable selection for Gaussian processes via sensitivity analysis of the posterior predictive distribution},
    author =       {Paananen, Topi and Piironen, Juho and Andersen, Michael Riis and Vehtari, Aki},
  booktitle = 	 {Proceedings of the Twenty-Second International Conference on Artificial Intelligence and Statistics},
  pages = 	 {1743--1752},
  year = 	 {2019},
  editor = 	 {Chaudhuri, Kamalika and Sugiyama, Masashi},
  volume = 	 {89},
  series = 	 {Proceedings of Machine Learning Research},
  month = 	 {16--18 Apr},
  publisher =    {PMLR},
  pdf = 	 {http://proceedings.mlr.press/v89/paananen19a/paananen19a.pdf},
  url = 	 {http://proceedings.mlr.press/v89/paananen19a.html},
}

@thesis{BNN_Neal,
    author = {Radford M. Neal},
    title = {Bayesian Learning for Neural Networks},
    type = {Ph.D},
    institution = {University of Toronto},
    date = {1995},
}
@article{GP_Williams,
    author = {C. E. Rasmussen and C. K. Williams},
    title = {Gaussian processes for regression},
    journal = {Advances in Nral Information Processing Systems},
    volume = {8},
    year = {1996},
    pages = {514-520},
}